00591cas a22002291a 4500
001 999282903502836
003 Nz
005 20161223152955.0
008 031223d19561958nz  r ne      0   0 eng d
035    $a (NLNZils)928290
035    $a (Nz)8141332
035    $a (NLNZils)928290-ilsdb
035    $a (OCoLC)173421113
040    $a WN $c WN
042    $a nznb
043    $a u-nz---
245 00 $a Ellerslie sun.
260    $a [Auckland, N.Z. : $b s.n., $c 1956-1958]
310    $a Monthly
362 0  $a 1956 Jul.-1958 Feb.?
651  0 $a Auckland (N.Z.) $v Newspapers.
655  7 $a New Zealand newspapers. $2 local $5 Nz
